@article{parikh2011,
author = {Devi Parikh and Kristen Grauman},
title = {Relative attributes},
journal ={CVPR},
year = {2011},
pages = {503-510},
}

@incollection{Li2013,
year={2013},
booktitle={ACCV},
volume={7724},
title={Relative Forest for Attribute Prediction},
author={Li, Shaoxin and Shan, Shiguang and Chen, Xilin},
pages={316-327},
}

@InProceedings{Yu2014,
  author = {A. Yu and K. Grauman},
  title = {Fine-Grained Visual Comparisons with Local Learning},
  booktitle = {CVPR},
  year = {2014}
}

@InProceedings{Sandeep_2014_CVPR,
author = {Sandeep, Ramachandruni N. and Verma, Yashaswi and Jawahar, C. V.},
title = {Relative Parts: Distinctive Parts for Learning Relative Attributes},
booktitle = {CVPR},
year = {2014}
} 

@inproceedings{Lee_2013_7540,
   author = "Yong Jae Lee and Alexei A. Efros and Martial {Hebert }",
   title = "Style-aware Mid-level Representation for Discovering Visual Connections in Space and Time",
   booktitle = "ICCV",
   year = "2013",
} 

@InProceedings{pubfig,
author = {N. Kumar and A. C. Berg and P. N. Belhumeur and S. K. Nayar},
title = {Attribute and Simile Classifiers for Face Verification},
booktitle = {ICCV},
month = {Oct},
year = {2009}
}

@article{oliva2001modeling,
  title={Modeling the shape of the scene: A holistic representation of the spatial envelope},
  author={Oliva, Aude and Torralba, Antonio},
  journal={IJCV},
  volume={42},
  number={3},
  pages={145--175},
  year={2001},
}



@misc{lecun1998mnist,
  title={The MNIST database of handwritten digits},
  author={LeCun, Yann and Cortes, Corinna and Burges, Christopher JC},
  year={1998}
}

@inproceedings{Joachims2002,
 author = {Joachims, Thorsten},
 title = {Optimizing Search Engines Using Clickthrough Data},
 booktitle = {ACM KDD},
 year = {2002},
 pages = {133--142},
 numpages = {10},
} 

@INPROCEEDINGS{5771429, 
author={Datta, A. and Feris, R. and Vaquero, D.}, 
booktitle={FG}, 
title={Hierarchical ranking of facial attributes}, 
year={2011}, 
pages={36-42}, 
}

@INPROCEEDINGS{Farhadi09describingobjects,
    author = {Ali Farhadi and Ian Endres and Derek Hoiem and David Forsyth},
    title = {Describing objects by their attributes},
    booktitle = {CVPR},
    year = {2009}
}

@ARTICLE{6739133, 
author={Yahong Han and Yi Yang and Zhigang Ma and Haoquan Shen and Sebe, N. and Xiaofang Zhou}, 
journal={IEEE TMM}, 
title={Image Attribute Adaptation}, 
year={2014}, 
volume={16}, 
number={4}, 
pages={1115-1126}, 
}

@incollection{farhadi10,
year={2010},
booktitle={ï¿½ECCV},
title={Every Picture Tells a Story: Generating Sentences from Images},
author={Farhadi, Ali and Hejrati, Mohsen and Sadeghi, MohammadAmin and Young, Peter and Rashtchian, Cyrus and Hockenmaier, Julia and Forsyth, David},
pages={15-29},
}

@ARTICLE{6571196, 
author={Lampert, C.H. and Nickisch, H. and Harmeling, S.}, 
journal={IEEE TPAMI}, 
title={Attribute-Based Classification for Zero-Shot Visual Object Categorization}, 
year={2014}, 
volume={36}, 
number={3}, 
pages={453-465}, 
}

@INPROCEEDINGS{7298613, 
author={Tao, Ran and Smeulders, Arnold W.M. and Chang, Shih-Fu}, 
booktitle={CVPR}, 
title={Attributes and categories for generic instance search from one example}, 
year={2015}, 
pages={177-186}, 
}

@inproceedings{KovashkaG13,
  author    = {Adriana Kovashka and Kristen Grauman},
  title     = {Attribute Pivots for Guiding Relevance Feedback in Image Search},
  booktitle = {ICCV},
  pages     = {297--304},
  year      = {2013},
}

@INPROCEEDINGS{6475038, 
author={Jingen Liu and Qian Yu and Javed, O. and Ali, S. and Tamrakar, A. and Divakaran, A. and Hui Cheng and Sawhney, H.}, 
booktitle={WACV}, 
title={Video event recognition using concept attributes}, 
year={2013}, 
pages={339-346}, 
}

@ARTICLE{6838985, 
author={Khan, F.S. and van de Weijer, J. and Anwer, R.M. and Felsberg, M. and Gatta, C.}, 
journal={IEEE TIP}, 
title={Semantic Pyramids for Gender and Action Recognition}, 
year={2014}, 
volume={23}, 
number={8}, 
pages={3633-3645}, 
}

@INPROCEEDINGS{5995353, 
author={Jingen Liu and Kuipers, B. and Savarese, S.}, 
booktitle={CVPR}, 
title={Recognizing human actions by attributes}, 
year={2011}, 
pages={3337-3344}, 
}

@article{Aude01,
year={2001},
journal={International Journal of Computer Vision},
volume={42},
number={3},
title={Modeling the Shape of the Scene: A Holistic Representation of the Spatial Envelope},
author={Oliva, Aude and Torralba, Antonio},
pages={145-175},
}

@INPROCEEDINGS{6909607, 
author={Jayaraman, D. and Fei Sha and Grauman, K.}, 
booktitle={CVPR}, 
title={Decorrelating Semantic Visual Attributes by Resisting the Urge to Share}, 
year={2014}, 
pages={1629-1636}, 
}


@INPROCEEDINGS{1641014, 
author={Hao Zhang and Berg, A.C. and Maire, M. and Malik, J.}, 
booktitle={CVPR}, 
title={SVM-KNN: Discriminative Nearest Neighbor Classification for Visual Category Recognition}, 
year={2006}, 
volume={2}, 
pages={2126-2136}, 
}

@InProceedings{Yu2015,
  author = {A. Yu and K. Grauman},
  title = {Just Noticeable Differences in Visual Attributes},
  booktitle = {ICCV},
  year = {2015}
}

@incollection{NIPS2012_4824,
title = {ImageNet Classification with Deep Convolutional Neural Networks},
author = {Alex Krizhevsky and Sutskever, Ilya and Geoffrey E. Hinton},
booktitle = {NIPS},
pages = {1097--1105},
year = {2012},
}

@incollection{NIPS1989_293,
title = {Handwritten Digit Recognition with a Back-Propagation Network},
author = {LeCun, Yann and Bernhard E. Boser and John S. Denker and Donnie Henderson and R. E. Howard and Wayne E. Hubbard and Lawrence D. Jackel},
booktitle = {NIPS},
pages = {396--404},
year = {1990},
}

@INPROCEEDINGS{6909475, 
author={Girshick, R. and Donahue, J. and Darrell, T. and Malik, J.}, 
booktitle={CVPR}, 
title={Rich Feature Hierarchies for Accurate Object Detection and Semantic Segmentation}, 
year={2014}, 
pages={580-587}, 
}

@INPROCEEDINGS{6909608, 
author={Ning Zhang and Paluri, M. and Ranzato, M. and Darrell, T. and Bourdev, L.}, 
booktitle={CVPR}, 
title={{PANDA}: Pose Aligned Networks for Deep Attribute Modeling}, 
year={2014}, 
pages={1637-1644}, 
}

@InProceedings{Escorcia_2015_CVPR,
author = {Escorcia, Victor and Carlos Niebles, Juan and Ghanem, Bernard},
title = {On the Relationship Between Visual Attributes and Convolutional Networks},
booktitle = {CVPR},
year = {2015}
}

@InProceedings{Shankar_2015_CVPR,
author = {Shankar, Sukrit and Garg, Vikas K. and Cipolla, Roberto},
title = {DEEP-CARVING: Discovering Visual Attributes by Carving Deep Neural Nets},
booktitle = {CVPR},
year = {2015}
}

@incollection{khan15,
year={2015},
booktitle={SCIA},
title={Deep Semantic Pyramids for Human Attributes and Action Recognition},
author={Khan, FahadShahbaz and Anwer, RaoMuhammad and van de Weijer, Joost and Felsberg, Michael and Laaksonen, Jorma},
pages={341-353},
}

@inproceedings{Burges2005,
 author = {Burges, Chris and Shaked, Tal and Renshaw, Erin and Lazier, Ari and Deeds, Matt and Hamilton, Nicole and Hullender, Greg},
 title = {Learning to Rank Using Gradient Descent},
 booktitle = {ICML},
 year = {2005},
 pages = {89-96},
} 

@inproceedings{Wan2014,
 author = {Wan, Ji and Wang, Dayong and Hoi, Steven Chu Hong and Wu, Pengcheng and Zhu, Jianke and Zhang, Yongdong and Li, Jintao},
 title = {Deep Learning for Content-Based Image Retrieval: A Comprehensive Study},
 booktitle = {ACM MM},
 year = {2014},
 pages = {157--166},
 numpages = {10},
} 

@Inproceedings {song2014,
author       = {Yang Song and Hongning Wang and Xiaodong He},
booktitle    = {WSDM},
title        = {Adapting Deep RankNet for Personalized Search},
year         = {2014},
}

@inproceedings{ferrari2007learning,
  title={Learning visual attributes},
  author={Ferrari, Vittorio and Zisserman, Andrew},
  booktitle={NIPS},
  pages={433--440},
  year={2007}
}

@inproceedings{whittlesearch,
 author    = {Adriana Kovashka and Devi Parikh and Kristen Grauman},
 title     = {WhittleSearch: {I}mage {S}earch with {R}elative {A}ttribute {F}eedback},
 booktitle = {CVPR},
 year      = {2012},
}

@inproceedings {branson10,
	title = {Visual Recognition with Humans in the Loop},
	booktitle = {ECCV},
	year = {2010},
	author = {Steve Branson and Catherine Wah and Boris Babenko and Florian Schroff and Peter Welinder and Pietro Perona and Serge Belongie}
}

@inproceedings {branson13,
	title = {Efficient Large-Scale Structured Learning},
	booktitle = {CVPR},
	year = {2013},
	author = {Steve Branson and Oscar Beijbom and Serge Belongie}
}

